@article{portrait,
  author    = {Neal Wadhwa and
               Rahul Garg and
               David E. Jacobs and
               Bryan E. Feldman and
               Nori Kanazawa and
               Robert Carroll and
               Yair Movshovitz{-}Attias and
               Jonathan T. Barron and
               Yael Pritch and
               Marc Levoy},
  title     = {Synthetic Depth-of-Field with a Single-Camera Mobile Phone},
  journal   = {CoRR},
  volume    = {abs/1806.04171},
  year      = {2018},
  url       = {http://arxiv.org/abs/1806.04171},
  archivePrefix = {arXiv},
  eprint    = {1806.04171},
  timestamp = {Mon, 13 Aug 2018 16:48:00 +0200},
  biburl    = {https://dblp.org/rec/journals/corr/abs-1806-04171.bib},
  bibsource = {dblp computer science bibliography, https://dblp.org}
}

@InProceedings{holopix,
author = {Yiwen Hua and Puneet Kohli and Pritish Uplavikar and Anand Ravi and Saravana Gunaseelan and Jason Orozco and Edward Li},
title = {Holopix50k: A Large-Scale In-the-wild Stereo Image Dataset},
booktitle = {CVPR Workshop on Computer Vision for Augmented and Virtual Reality, Seattle, WA, 2020.},
month = {June},
year = {2020}
}
